@article{spjuth2007bioclipse,
  title={Bioclipse: an open source workbench for chemo-and bioinformatics},
  author={Spjuth, Ola and Helmus, Tobias and Willighagen, Egon L and Kuhn, Stefan and Eklund, Martin and Wagener, Johannes and Murray-Rust, Peter and Steinbeck, Christoph and Wikberg, Jarl ES},
  journal={BMC bioinformatics},
  volume={8},
  number={1},
  pages={1--10},
  year={2007},
  publisher={BioMed Central}
}
